<?xml version="1.0" encoding="UTF-8"?><collection xmlns="http://www.loc.gov/MARC21/slim"><record><leader>00477nam--2200169-i-4500</leader><controlfield tag="001">000048096</controlfield><controlfield tag="002">20161230</controlfield><controlfield tag="005">20170118235438</controlfield><controlfield tag="008">060222s1000------------r-----000-0-eng-d</controlfield><datafield ind1=" " ind2=" " tag="080"><subfield code="a">66.045.1</subfield></datafield><datafield ind1=" " ind2=" " tag="100"><subfield code="a">Zukauskas, A</subfield></datafield><datafield ind1=" " ind2=" " tag="245"><subfield code="a">High -performance single-phase heat exchangers. Revised and argumented edition</subfield></datafield><datafield ind1=" " ind2=" " tag="260"><subfield code="a">New York</subfield><subfield code="b">Hemisphere Publishing Corporation</subfield><subfield code="c">1923</subfield></datafield><datafield ind1=" " ind2=" " tag="300"><subfield code="a">XVI + 515 p</subfield></datafield><datafield ind1=" " ind2=" " tag="700"><subfield code="a">Karni, J</subfield></datafield><datafield ind1=" " ind2=" " tag="852"><subfield code="a">79494</subfield></datafield><datafield ind1=" " ind2=" " tag="CAT"><subfield code="a">SYS</subfield><subfield code="c">20170118</subfield><subfield code="h">235438</subfield></datafield></record></collection>